<record><leader>00000cas a22000007a 4500</leader><controlfield tag="001">24867683</controlfield><controlfield tag="008">911127d18731874ohuwr ne      0    0eng d</controlfield><datafield ind1=" " ind2=" " tag="010"><subfield code="a">sn 91074533 </subfield></datafield><datafield ind1=" " ind2=" " tag="040"><subfield code="a">ONP</subfield><subfield code="b">eng</subfield><subfield code="c">ONP</subfield><subfield code="d">OCLCQ</subfield></datafield><datafield ind1=" " ind2=" " tag="042"><subfield code="a">msc</subfield></datafield><datafield ind1="0" ind2=" " tag="130"><subfield code="a">Weekly gazette (Moorefield, Ohio)</subfield></datafield><datafield ind1="1" ind2="0" tag="245"><subfield code="a">Weekly gazette.</subfield></datafield><datafield ind1=" " ind2=" " tag="260"><subfield code="a">Moorefield, O. [Ohio] :</subfield><subfield code="b">M.E. Beall, W.M. Ferguson,</subfield><subfield code="c">1873-</subfield></datafield><datafield ind1=" " ind2=" " tag="300"><subfield code="a">v.</subfield></datafield><datafield ind1=" " ind2=" " tag="310"><subfield code="a">Weekly</subfield></datafield><datafield ind1="0" ind2=" " tag="362"><subfield code="a">Vol. 2, no. 1 (Nov. 15, 1873)-</subfield></datafield><datafield ind1="1" ind2=" " tag="362"><subfield code="a">Ceased in Feb. 1874.</subfield></datafield><datafield ind1=" " ind2=" " tag="752"><subfield code="a">United States</subfield><subfield code="b">Ohio</subfield><subfield code="c">Harrison</subfield><subfield code="d">Moorefield.</subfield></datafield><datafield ind1="0" ind2=" " tag="775"><subfield code="t">Monthly gazette (Moorefield, Ohio)</subfield><subfield code="w">(DLC)sn 91069885</subfield></datafield><datafield ind1="0" ind2="0" tag="780"><subfield code="t">Moorefield news</subfield><subfield code="w">(DLC)sn 91074532</subfield></datafield><datafield ind1="0" ind2="0" tag="785"><subfield code="t">Moorefield weekly gazette</subfield><subfield code="w">(DLC)sn 91074534</subfield></datafield></record>